<record><leader>00000cas a2200000 a 4500</leader><controlfield tag="001">8814638</controlfield><controlfield tag="008">820928d19351948iludr ne      0   a0eng  </controlfield><datafield ind1=" " ind2=" " tag="010"><subfield code="a">sn 82015768 </subfield></datafield><datafield ind1=" " ind2=" " tag="040"><subfield code="a">DLC</subfield><subfield code="b">eng</subfield><subfield code="c">DLC</subfield><subfield code="d">OCL</subfield><subfield code="d">DLC</subfield><subfield code="d">OCL</subfield><subfield code="d">NVF</subfield><subfield code="d">CVF</subfield><subfield code="d">NVF</subfield><subfield code="d">OCLCQ</subfield><subfield code="d">NVF</subfield><subfield code="d">OCLCO</subfield><subfield code="d">OCLCQ</subfield><subfield code="d">OCLCF</subfield><subfield code="d">NVF</subfield><subfield code="d">OCLCO</subfield></datafield><datafield ind1=" " ind2=" " tag="019"><subfield code="a">9130218</subfield></datafield><datafield ind1="1" ind2=" " tag="029"><subfield code="a">AU@</subfield><subfield code="b">000020343588</subfield></datafield><datafield ind1=" " ind2=" " tag="042"><subfield code="a">pcc</subfield></datafield><datafield ind1=" " ind2=" " tag="043"><subfield code="a">n-us-il</subfield></datafield><datafield ind1="0" ind2="0" tag="050"><subfield code="a">Newspaper</subfield></datafield><datafield ind1="0" ind2=" " tag="130"><subfield code="a">Daily times (Chicago, Ill. : 1935)</subfield></datafield><datafield ind1="1" ind2="0" tag="245"><subfield code="a">Daily times.</subfield></datafield><datafield ind1="1" ind2=" " tag="246"><subfield code="i">Published Sundays as:</subfield><subfield code="a">Sunday times</subfield><subfield code="f">Jan. 13, 1935-Sept. 28, 1947</subfield></datafield><datafield ind1="1" ind2=" " tag="246"><subfield code="i">Published Sundays as:</subfield><subfield code="a">Chicago Sunday sun and times</subfield><subfield code="f">Oct. 5, 1947-Jan. 31, 1948</subfield></datafield><datafield ind1=" " ind2=" " tag="260"><subfield code="a">Chicago, Ill. :</subfield><subfield code="b">Journal Co.,</subfield><subfield code="c">1935-1948.</subfield></datafield><datafield ind1=" " ind2=" " tag="300"><subfield code="a">v.</subfield></datafield><datafield ind1=" " ind2=" " tag="310"><subfield code="a">Daily,</subfield><subfield code="b">June 19, 1943-Jan. 31, 1948</subfield></datafield><datafield ind1=" " ind2=" " tag="321"><subfield code="a">Daily (except Saturday),</subfield><subfield code="b">Jan. 13, 1935-June 18, 1943</subfield></datafield><datafield ind1="0" ind2=" " tag="362"><subfield code="a">Vol. 6, no. 110 (Jan. 13, 1935)-v. 19, no. 131 (Jan. 31, 1948).</subfield></datafield><datafield ind1=" " ind2=" " tag="515"><subfield code="a">Continues the numbering of Daily illustrated times.</subfield></datafield><datafield ind1=" " ind2=" " tag="580"><subfield code="a">Merged with: Chicago sun (Chicago, Ill. : 1941), to form: Chicago daily sun and times.</subfield></datafield><datafield ind1=" " ind2="0" tag="651"><subfield code="a">Chicago (Ill.)</subfield><subfield code="v">Newspapers.</subfield></datafield><datafield ind1=" " ind2="7" tag="651"><subfield code="a">Illinois</subfield><subfield code="z">Chicago.</subfield><subfield code="2">fast</subfield><subfield code="0">(OCoLC)fst01204048</subfield></datafield><datafield ind1=" " ind2="7" tag="655"><subfield code="a">Newspapers.</subfield><subfield code="2">fast</subfield><subfield code="0">(OCoLC)fst01423814</subfield></datafield><datafield ind1=" " ind2=" " tag="752"><subfield code="a">United States</subfield><subfield code="b">Illinois</subfield><subfield code="c">Cook</subfield><subfield code="d">Chicago.</subfield></datafield><datafield ind1="0" ind2="0" tag="780"><subfield code="t">Daily illustrated times</subfield><subfield code="w">(DLC)sn 92055107</subfield><subfield code="w">(OCoLC)25306310</subfield></datafield><datafield ind1="1" ind2="7" tag="785"><subfield code="t">Chicago sun (Chicago, Ill. : 1941)</subfield><subfield code="w">(DLC)sn 82016034</subfield><subfield code="w">(OCoLC)9129540</subfield></datafield><datafield ind1="1" ind2="7" tag="785"><subfield code="t">Chicago daily sun and times</subfield><subfield code="w">(DLC)sn 86058077</subfield><subfield code="w">(OCoLC)14047918</subfield></datafield></record>